@article{knill2001scheme,
  title={A scheme for efficient quantum computation with linear optics},
  author={Knill, Emanuel and Laflamme, Raymond and Milburn, Gerald J},
  journal={Nature},
  volume={409},
  number={6816},
  pages={46--52},
  year={2001},
  publisher={Nature Publishing Group}
}

@article{ladd2010quantum,
  title={Quantum computers},
  author={Ladd, Thaddeus D and Jelezko, Fedor and Laflamme, Raymond and Nakamura, Yasunobu and Monroe, Christopher and O¡¯Brien, Jeremy Lloyd},
  journal={Nature},
  volume={464},
  number={7285},
  pages={45--53},
  year={2010},
  publisher={Nature Publishing Group}
}

@article{walther2005experimental,
  title={Experimental one-way quantum computing},
  author={Walther, Philip and Resch, Kevin J and Rudolph, Terry and Schenck, Emmanuel and Weinfurter, Harald and Vedral, Vlatko and Aspelmeyer, Markus and Zeilinger, Anton},
  journal={Nature},
  volume={434},
  number={7030},
  pages={169--176},
  year={2005},
  publisher={Nature Publishing Group}
}

@article{RevModPhys.81.1301,
  title = {The security of practical quantum key distribution},
  author = {Scarani, Valerio and Bechmann-Pasquinucci, Helle and Cerf, Nicolas J. and Du\ifmmode \check{s}\else \v{s}\fi{}ek, Miloslav and L\"utkenhaus, Norbert and Peev, Momtchil},
  journal = {Rev. Mod. Phys.},
  volume = {81},
  issue = {3},
  pages = {1301--1350},
  numpages = {0},
  year = {2009},
  publisher = {American Physical Society},
  doi = {10.1103/RevModPhys.81.1301},
  url = {https://link.aps.org/doi/10.1103/RevModPhys.81.1301}
}

@article{blinov2004observation,
  title={Observation of entanglement between a single trapped atom and a single photon},
  author={Blinov, Boris B and Moehring, David L and Duan, L-M and Monroe, Chris},
  journal={Nature},
  volume={428},
  number={6979},
  pages={153--157},
  year={2004},
  publisher={Nature Publishing Group}
}

@article{dayan2008photon,
  title={A photon turnstile dynamically regulated by one atom},
  author={Dayan, Barak and Parkins, AS and Aoki, Takao and Ostby, EP and Vahala, KJ and Kimble, HJ},
  journal={Science},
  volume={319},
  number={5866},
  pages={1062--1065},
  year={2008},
  publisher={American Association for the Advancement of Science}
}

@article{PhysRevLett.107.063601,
  title = {Photon Blockade Effect in Optomechanical Systems},
  author = {Rabl, P.},
  journal = {Phys. Rev. Lett.},
  volume = {107},
  issue = {6},
  pages = {063601},
  numpages = {5},
  year = {2011},
  publisher = {American Physical Society},
  doi = {10.1103/PhysRevLett.107.063601},
  url = {https://link.aps.org/doi/10.1103/PhysRevLett.107.063601}
}

@article{PhysRevLett.106.243601,
  title = {Observation of Resonant Photon Blockade at Microwave Frequencies Using Correlation Function Measurements},
  author = {Lang, C. and Bozyigit, D. and Eichler, C. and Steffen, L. and Fink, J. M. and Abdumalikov, A. A. and Baur, M. and Filipp, S. and da Silva, M. P. and Blais, A. and Wallraff, A.},
  journal = {Phys. Rev. Lett.},
  volume = {106},
  issue = {24},
  pages = {243601},
  numpages = {4},
  year = {2011},
  publisher = {American Physical Society},
  doi = {10.1103/PhysRevLett.106.243601},
  url = {https://link.aps.org/doi/10.1103/PhysRevLett.106.243601}
}

@article{PhysRevLett.118.133604,
  title = {Two-Photon Blockade in an Atom-Driven Cavity QED System},
  author = {Hamsen, Christoph and Tolazzi, Karl Nicolas and Wilk, Tatjana and Rempe, Gerhard},
  journal = {Phys. Rev. Lett.},
  volume = {118},
  issue = {13},
  pages = {133604},
  numpages = {6},
  year = {2017},
  publisher = {American Physical Society},
  doi = {10.1103/PhysRevLett.118.133604},
  url = {https://link.aps.org/doi/10.1103/PhysRevLett.118.133604}
}

@article{faraon2008coherent,
  title={Coherent generation of non-classical light on a chip via photon-induced tunnelling and blockade},
  author={Faraon, Andrei and Fushman, Ilya and Englund, Dirk and Stoltz, Nick and Petroff, Pierre and Vu{\v{c}}kovi{\'c}, Jelena},
  journal={Nat.  Phys.},
  volume={4},
  number={11},
  pages={859--863},
  year={2008},
  publisher={Nature Publishing Group}
}

@article{PhysRevLett.104.183601,
  title = {Single Photons from Coupled Quantum Modes},
  author = {Liew, T. C. H. and Savona, V.},
  journal = {Phys. Rev. Lett.},
  volume = {104},
  issue = {18},
  pages = {183601},
  numpages = {4},
  year = {2010},
  publisher = {American Physical Society},
  doi = {10.1103/PhysRevLett.104.183601},
  url = {https://link.aps.org/doi/10.1103/PhysRevLett.104.183601}
}

@article{PhysRevLett.108.183601,
  title = {Loss-Enabled Sub-Poissonian Light Generation in a Bimodal Nanocavity},
  author = {Majumdar, Arka and Bajcsy, Michal and Rundquist, Armand and Vu\ifmmode \check{c}\else \v{c}\fi{}kovi\ifmmode \acute{c}\else \'{c}\fi{}, Jelena},
  journal = {Phys. Rev. Lett.},
  volume = {108},
  issue = {18},
  pages = {183601},
  numpages = {5},
  year = {2012},
  publisher = {American Physical Society},
  doi = {10.1103/PhysRevLett.108.183601},
  url = {https://link.aps.org/doi/10.1103/PhysRevLett.108.183601}
}

@article{PhysRevA.88.033836,
  title = {Input-output theory of the unconventional photon blockade},
  author = {Flayac, H. and Savona, V.},
  journal = {Phys. Rev. A},
  volume = {88},
  issue = {3},
  pages = {033836},
  numpages = {7},
  year = {2013},
  publisher = {American Physical Society},
  doi = {10.1103/PhysRevA.88.033836},
  url = {https://link.aps.org/doi/10.1103/PhysRevA.88.033836}
}

@article{PhysRevA.90.043822,
  title = {Tunable photon statistics in weakly nonlinear photonic molecules},
  author = {Xu, Xun-Wei and Li, Yong},
  journal = {Phys. Rev. A},
  volume = {90},
  issue = {4},
  pages = {043822},
  numpages = {7},
  year = {2014},
  publisher = {American Physical Society},
  doi = {10.1103/PhysRevA.90.043822},
  url = {https://link.aps.org/doi/10.1103/PhysRevA.90.043822}
}

@article{PhysRevA.98.053801,
  title = {Quality of photon antibunching in two cavity-waveguide arrangements on a chip},
  author = {Li, Jiahua and Wu, Ying},
  journal = {Phys. Rev. A},
  volume = {98},
  issue = {5},
  pages = {053801},
  numpages = {11},
  year = {2018},
  publisher = {American Physical Society},
  doi = {10.1103/PhysRevA.98.053801},
  url = {https://link.aps.org/doi/10.1103/PhysRevA.98.053801}
}

@article{yuan2002electrically,
  title={Electrically driven single-photon source},
  author={Yuan, Zhiliang and Kardynal, Beata E and Stevenson, R Mark and Shields, Andrew J and Lobo, Charlene J and Cooper, Ken and Beattie, Neil S and Ritchie, David A and Pepper, Michael},
  journal={Science},
  volume={295},
  number={5552},
  pages={102--105},
  year={2002},
  publisher={American Association for the Advancement of Science}
}

@article{PhysRevLett.122.233901,
  title = {Electrically Driven Single-Photon Superradiance from Molecular Chains in a Plasmonic Nanocavity},
  author = {Luo, Yang and Chen, Gong and Zhang, Yang and Zhang, Li and Yu, Yunjie and Kong, Fanfang and Tian, Xiaojun and Zhang, Yao and Shan, Chongxin and Luo, Yi and Yang, Jinlong and Sandoghdar, Vahid and Dong, Zhenchao and Hou, J. G.},
  journal = {Phys. Rev. Lett.},
  volume = {122},
  issue = {23},
  pages = {233901},
  numpages = {6},
  year = {2019},
  publisher = {American Physical Society},
  doi = {10.1103/PhysRevLett.122.233901},
  url = {https://link.aps.org/doi/10.1103/PhysRevLett.122.233901}
}

@article{PhysRevLett.123.246601,
  title = {Single-Photon Emission Mediated by Single-Electron Tunneling in Plasmonic Nanojunctions},
  author = {Schaeverbeke, Q. and Avriller, R. and Frederiksen, T. and Pistolesi, F.},
  journal = {Phys. Rev. Lett.},
  volume = {123},
  issue = {24},
  pages = {246601},
  numpages = {6},
  year = {2019},
  publisher = {American Physical Society},
  doi = {10.1103/PhysRevLett.123.246601},
  url = {https://link.aps.org/doi/10.1103/PhysRevLett.123.246601}
}

@article{roslawska2020atomic,
  title={Atomic-Scale Dynamics Probed by Photon Correlations},
  author={Ros{\l}awska, Anna and Leon, Christopher C and Grewal, Abhishek and Merino, Pablo and Kuhnke, Klaus and Kern, Klaus},
  journal={ACS Nano},
  year={2020},
  publisher={ACS Publications}
}

@article{zhang2017electrically,
  title={Electrically driven single-photon emission from an isolated single molecule},
  author={Zhang, Li and Yu, Yun-Jie and Chen, Liu-Guo and Luo, Yang and Yang, Ben and Kong, Fan-Fang and Chen, Gong and Zhang, Yang and Zhang, Qiang and Luo, Yi and others},
  journal={Nat. Commun.},
  volume={8},
  number={1},
  pages={1--7},
  year={2017},
  publisher={Nature Publishing Group}
}

@article{merino2015exciton,
  title={Exciton dynamics of C 60-based single-photon emitters explored by Hanbury Brown--Twiss scanning tunnelling microscopy},
  author={Merino, P and Gro{\ss}e, C and Ros{\l}awska, A and Kuhnke, K and Kern, K},
  journal={Nat. Commun.},
  volume={6},
  number={1},
  pages={1--6},
  year={2015},
  publisher={Nature Publishing Group}
}

@article{PhysRevLett.119.013901,
  title = {Single-Molecule Investigation of Energy Dynamics in a Coupled Plasmon-Exciton System},
  author = {Imada, Hiroshi and Miwa, Kuniyuki and Imai-Imada, Miyabi and Kawahara, Shota and Kimura, Kensuke and Kim, Yousoo},
  journal = {Phys. Rev. Lett.},
  volume = {119},
  issue = {1},
  pages = {013901},
  numpages = {6},
  year = {2017},
  publisher = {American Physical Society},
  doi = {10.1103/PhysRevLett.119.013901},
  url = {https://link.aps.org/doi/10.1103/PhysRevLett.119.013901}
}

@article{roslawska2018single,
  title={Single charge and exciton dynamics probed by molecular-scale-induced electroluminescence},
  author={Ros{\l}awska, Anna and Merino, Pablo and Gro{\ss}e, Christoph and Leon, Christopher C and Gunnarsson, Olle and Etzkorn, Markus and Kuhnke, Klaus and Kern, Klaus},
  journal={Nano Lett.},
  volume={18},
  number={6},
  pages={4001--4007},
  year={2018},
  publisher={ACS Publications}
}

@article{zhang2016visualizing,
  title={Visualizing coherent intermolecular dipole--dipole coupling in real space},
  author={Zhang, Yang and Luo, Yang and Zhang, Yao and Yu, Yun-Jie and Kuang, Yan-Min and Zhang, Li and Meng, Qiu-Shi and Luo, Yi and Yang, Jin-Long and Dong, Zhen-Chao and others},
  journal={Nature},
  volume={531},
  number={7596},
  pages={623--627},
  year={2016},
  publisher={Nature Publishing Group}
}

@article{PhysRevLett.116.036802,
  title = {Narrow-Line Single-Molecule Transducer between Electronic Circuits and Surface Plasmons},
  author = {Chong, Michael C. and Reecht, Ga\"el and Bulou, Herv\'e and Boeglin, Alex and Scheurer, Fabrice and Mathevet, Fabrice and Schull, Guillaume},
  journal = {Phys. Rev. Lett.},
  volume = {116},
  issue = {3},
  pages = {036802},
  numpages = {5},
  year = {2016},
  publisher = {American Physical Society},
  doi = {10.1103/PhysRevLett.116.036802},
  url = {https://link.aps.org/doi/10.1103/PhysRevLett.116.036802}
}

@article{zhang2017sub,
  title={Sub-nanometre control of the coherent interaction between a single molecule and a plasmonic nanocavity},
  author={Zhang, Yao and Meng, Qiu-Shi and Zhang, Li and Luo, Yang and Yu, Yun-Jie and Yang, Ben and Zhang, Yang and Esteban, Ruben and Aizpurua, Javier and Luo, Yi and others},
  journal={Nat. Commun.},
  volume={8},
  number={1},
  pages={1--7},
  year={2017},
  publisher={Nature Publishing Group}
}

>@article{nian2018fano,
  title={On the Fano line shape of single molecule electroluminescence induced by a scanning tunneling microscope},
  author={Nian, Lei-Lei and Wang, Yongfeng and L\"{u}, Jing-Tao},
  journal={Nano Lett.},
  volume={18},
  number={11},
  pages={6826--6831},
  year={2018},
  publisher={ACS Publications}
}

@article{nian2019mechanism,
  title={Mechanism of Bimodal Light Emission in a Molecule-Mediated Scanning Tunneling Microscopy Junction},
  author={Nian, Lei-Lei and L\"{u}, Jing-Tao},
  journal={J. Phys. Chem. C},
  volume={123},
  number={30},
  pages={18508--18515},
  year={2019},
  publisher={ACS Publications}
}

@article{PhysRevLett.105.263601,
  title = {Quantum Plasmonics with Quantum Dot-Metal Nanoparticle Molecules: Influence of the Fano Effect on Photon Statistics},
  author = {Ridolfo, A. and Di Stefano, O. and Fina, N. and Saija, R. and Savasta, S.},
  journal = {Phys. Rev. Lett.},
  volume = {105},
  issue = {26},
  pages = {263601},
  numpages = {4},
  year = {2010},
  publisher = {American Physical Society},
  doi = {10.1103/PhysRevLett.105.263601},
  url = {https://link.aps.org/doi/10.1103/PhysRevLett.105.263601}
}

@article{PhysRevLett.122.173603,
  title = {Tunable Photon Statistics Exploiting the Fano Effect in a Waveguide},
  author = {Foster, A. P. and Hallett, D. and Iorsh, I. V. and Sheldon, S. J. and Godsland, M. R. and Royall, B. and Clarke, E. and Shelykh, I. A. and Fox, A. M. and Skolnick, M. S. and Itskevich, I. E. and Wilson, L. R.},
  journal = {Phys. Rev. Lett.},
  volume = {122},
  issue = {17},
  pages = {173603},
  numpages = {6},
  year = {2019},
  publisher = {American Physical Society},
  doi = {10.1103/PhysRevLett.122.173603},
  url = {https://link.aps.org/doi/10.1103/PhysRevLett.122.173603}
}

@article{PhysRevLett.108.183601,
  title = {Loss-Enabled Sub-Poissonian Light Generation in a Bimodal Nanocavity},
  author = {Majumdar, Arka and Bajcsy, Michal and Rundquist, Armand and Vu\ifmmode \check{c}\else \v{c}\fi{}kovi\ifmmode \acute{c}\else \'{c}\fi{}, Jelena},
  journal = {Phys. Rev. Lett.},
  volume = {108},
  issue = {18},
  pages = {183601},
  numpages = {5},
  year = {2012},
  publisher = {American Physical Society},
  doi = {10.1103/PhysRevLett.108.183601},
  url = {https://link.aps.org/doi/10.1103/PhysRevLett.108.183601}
}

@article{PhysRevLett.98.117402,
  title = {Photon Antibunching from a Single Quantum-Dot-Microcavity System in the Strong Coupling Regime},
  author = {Press, David and G\"otzinger, Stephan and Reitzenstein, Stephan and Hofmann, Carolin and L\"offler, Andreas and Kamp, Martin and Forchel, Alfred and Yamamoto, Yoshihisa},
  journal = {Phys. Rev. Lett.},
  volume = {98},
  issue = {11},
  pages = {117402},
  numpages = {4},
  year = {2007},
  publisher = {American Physical Society},
  doi = {10.1103/PhysRevLett.98.117402},
  url = {https://link.aps.org/doi/10.1103/PhysRevLett.98.117402}
}

@article{PhysRevB.76.125308,
  title = {Theory of plasmon-enhanced F\"orster energy transfer in optically excited semiconductor and metal nanoparticles},
  author = {Govorov, Alexander O. and Lee, Jaebeom and Kotov, Nicholas A.},
  journal = {Phys. Rev. B},
  volume = {76},
  issue = {12},
  pages = {125308},
  numpages = {16},
  year = {2007},
  publisher = {American Physical Society},
  doi = {10.1103/PhysRevB.76.125308},
  url = {https://link.aps.org/doi/10.1103/PhysRevB.76.125308}
}

@article{PhysRevB.77.165301,
  title = {Optical properties of coupled metal-semiconductor and metal-molecule nanocrystal complexes: Role of multipole effects},
  author = {Yan, Jie-Yun and Zhang, Wei and Duan, Suqing and Zhao, Xian-Geng and Govorov, Alexander O.},
  journal = {Phys. Rev. B},
  volume = {77},
  issue = {16},
  pages = {165301},
  numpages = {9},
  year = {2008},
  publisher = {American Physical Society},
  doi = {10.1103/PhysRevB.77.165301},
  url = {https://link.aps.org/doi/10.1103/PhysRevB.77.165301}
}

@article{PhysRevB.87.245313,
  title = {Influence of F\"orster interaction on light emission statistics in hybrid systems},
  author = {Theuerholz, T. Sverre and Carmele, Alexander and Richter, Marten and Knorr, Andreas},
  journal = {Phys. Rev. B},
  volume = {87},
  issue = {24},
  pages = {245313},
  numpages = {11},
  year = {2013},
  publisher = {American Physical Society},
  doi = {10.1103/PhysRevB.87.245313},
  url = {https://link.aps.org/doi/10.1103/PhysRevB.87.245313}
}

@article{RevModPhys.82.2257,
  title = {Fano resonances in nanoscale structures},
  author = {Miroshnichenko, Andrey E. and Flach, Sergej and Kivshar, Yuri S.},
  journal = {Rev. Mod. Phys.},
  volume = {82},
  issue = {3},
  pages = {2257--2298},
  numpages = {0},
  year = {2010},
  publisher = {American Physical Society},
  doi = {10.1103/RevModPhys.82.2257},
  url = {https://link.aps.org/doi/10.1103/RevModPhys.82.2257}
}

@article{PhysRev.124.1866,
  title = {Effects of Configuration Interaction on Intensities and Phase Shifts},
  author = {Fano, U.},
  journal = {Phys. Rev.},
  volume = {124},
  issue = {6},
  pages = {1866--1878},
  numpages = {0},
  year = {1961},
  publisher = {American Physical Society},
  doi = {10.1103/PhysRev.124.1866},
  url = {https://link.aps.org/doi/10.1103/PhysRev.124.1866}
}

@article{PhysRevA.91.061804,
  title = {Photon antibunching from few quantum dots in a cavity},
  author = {Gies, Christopher and Jahnke, Frank and Chow, Weng W.},
  journal = {Phys. Rev. A},
  volume = {91},
  issue = {6},
  pages = {061804},
  numpages = {5},
  year = {2015},
  publisher = {American Physical Society},
  doi = {10.1103/PhysRevA.91.061804},
  url = {https://link.aps.org/doi/10.1103/PhysRevA.91.061804}
}

@article{PhysRevB.70.115304,
  title = {Dynamics of the excitations of a quantum dot in a microcavity},
  author = {Perea, J. I. and Porras, D. and Tejedor, C.},
  journal = {Phys. Rev. B},
  volume = {70},
  issue = {11},
  pages = {115304},
  numpages = {13},
  year = {2004},
  publisher = {American Physical Society},
  doi = {10.1103/PhysRevB.70.115304},
  url = {https://link.aps.org/doi/10.1103/PhysRevB.70.115304}
}

@article{PhysRevA.90.023846,
  title = {Nonclassical higher-order photon correlations with a quantum dot strongly coupled to a photonic-crystal nanocavity},
  author = {Rundquist, Armand and Bajcsy, Michal and Majumdar, Arka and Sarmiento, Tomas and Fischer, Kevin and Lagoudakis, Konstantinos G. and Buckley, Sonia and Piggott, Alexander Y. and Vu\ifmmode \check{c}\else \v{c}\fi{}kovi\ifmmode \acute{c}\else \'{c}\fi{}, Jelena},
  journal = {Phys. Rev. A},
  volume = {90},
  issue = {2},
  pages = {023846},
  numpages = {9},
  year = {2014},
  publisher = {American Physical Society},
  doi = {10.1103/PhysRevA.90.023846},
  url = {https://link.aps.org/doi/10.1103/PhysRevA.90.023846}
}

@article{PhysRevA.87.023809,
  title = {Two-photon and three-photon blockades in driven nonlinear systems},
  author = {Miranowicz, Adam and Paprzycka, Ma\l{}gorzata and Liu, Yu-xi and Bajer, Ji\ifmmode \check{r}\else \v{r}\fi{}\'{\i} and Nori, Franco},
  journal = {Phys. Rev. A},
  volume = {87},
  issue = {2},
  pages = {023809},
  numpages = {10},
  year = {2013},
  publisher = {American Physical Society},
  doi = {10.1103/PhysRevA.87.023809},
  url = {https://link.aps.org/doi/10.1103/PhysRevA.87.023809}
}

@article{PhysRevLett.121.043601,
  title = {Observation of the Unconventional Photon Blockade},
  author = {Snijders, H. J. and Frey, J. A. and Norman, J. and Flayac, H. and Savona, V. and Gossard, A. C. and Bowers, J. E. and van Exter, M. P. and Bouwmeester, D. and L\"offler, W.},
  journal = {Phys. Rev. Lett.},
  volume = {121},
  issue = {4},
  pages = {043601},
  numpages = {5},
  year = {2018},
  month = {Jul},
  publisher = {American Physical Society},
  doi = {10.1103/PhysRevLett.121.043601},
  url = {https://link.aps.org/doi/10.1103/PhysRevLett.121.043601}
}

@article{PhysRevA.100.063834,
  title = {Antibunching effect of photons in a two-level emitter-cavity system},
  author = {Liang, Xinyun and Duan, Zhenglu and Guo, Qin and Liu, Cunjin and Guan, Shengguo and Ren, Yi},
  journal = {Phys. Rev. A},
  volume = {100},
  issue = {6},
  pages = {063834},
  numpages = {7},
  year = {2019},
  month = {Dec},
  publisher = {American Physical Society},
  doi = {10.1103/PhysRevA.100.063834},
  url = {https://link.aps.org/doi/10.1103/PhysRevA.100.063834}
}

@article{birnbaum2005photon,
  title={Photon blockade in an optical cavity with one trapped atom},
  author={Birnbaum, Kevin M and Boca, Andreea and Miller, Russell and Boozer, Allen D and Northup, Tracy E and Kimble, H Jeff},
  journal={Nature},
  volume={436},
  number={7047},
  pages={87--90},
  year={2005},
  publisher={Nature Publishing Group}
}

@article{PhysRevLett.122.233901,
  title = {Electrically Driven Single-Photon Superradiance from Molecular Chains in a Plasmonic Nanocavity},
  author = {Luo, Yang and Chen, Gong and Zhang, Yang and Zhang, Li and Yu, Yunjie and Kong, Fanfang and Tian, Xiaojun and Zhang, Yao and Shan, Chongxin and Luo, Yi and Yang, Jinlong and Sandoghdar, Vahid and Dong, Zhenchao and Hou, J. G.},
  journal = {Phys. Rev. Lett.},
  volume = {122},
  issue = {23},
  pages = {233901},
  numpages = {6},
  year = {2019},
  month = {Jun},
  publisher = {American Physical Society},
  doi = {10.1103/PhysRevLett.122.233901},
  url = {https://link.aps.org/doi/10.1103/PhysRevLett.122.233901}
}


@article{wu2019controllable,
  title={Controllable Single-Molecule Light Emission by Selective Charge Injection in Scanning Tunneling Microscopy},
  author={Wu, Xiaoyan and Wang, Rulin and Zhang, Yu and Song, Bowen and Yam, ChiYung},
  journal={J. Phys. Chem. C},
  volume={123},
  number={25},
  pages={15761--15768},
  year={2019},
  publisher={ACS Publications}
}

@misc{dong2020microscopic,
    title={Microscopic origin of molecule excitation via inelastic electron scattering in scanning tunneling microscope},
    author={Guohui Dong and Yining You and Hui Dong},
    year={2020},
    eprint={2003.05297},
    archivePrefix={arXiv},
    primaryClass={cond-mat.mes-hall}
}

@article{PhysRevLett.108.233001,
  title = {Metallodielectric Hybrid Antennas for Ultrastrong Enhancement of Spontaneous Emission},
  author = {Chen, Xue-Wen and Agio, Mario and Sandoghdar, Vahid},
  journal = {Phys. Rev. Lett.},
  volume = {108},
  issue = {23},
  pages = {233001},
  numpages = {5},
  year = {2012},
  month = {Jun},
  publisher = {American Physical Society},
  doi = {10.1103/PhysRevLett.108.233001},
  url = {https://link.aps.org/doi/10.1103/PhysRevLett.108.233001}
}

@article{PhysRevB.79.235326,
  title = {Luminescence spectra of quantum dots in microcavities. II. Fermions},
  author = {del Valle, Elena and Laussy, Fabrice P. and Tejedor, Carlos},
  journal = {Phys. Rev. B},
  volume = {79},
  issue = {23},
  pages = {235326},
  numpages = {20},
  year = {2009},
  month = {Jun},
  publisher = {American Physical Society},
  doi = {10.1103/PhysRevB.79.235326},
  url = {https://link.aps.org/doi/10.1103/PhysRevB.79.235326}
}

@article{PhysRevB.79.235325,
  title = {Luminescence spectra of quantum dots in microcavities. I. Bosons},
  author = {Laussy, Fabrice P. and del Valle, Elena and Tejedor, Carlos},
  journal = {Phys. Rev. B},
  volume = {79},
  issue = {23},
  pages = {235325},
  numpages = {17},
  year = {2009},
  month = {Jun},
  publisher = {American Physical Society},
  doi = {10.1103/PhysRevB.79.235325},
  url = {https://link.aps.org/doi/10.1103/PhysRevB.79.235325}
}

@article{PhysRevA.59.4756,
  title = {Master-equation model of a single-quantum-dot microsphere laser},
  author = {Benson, Oliver and Yamamoto, Yoshihisa},
  journal = {Phys. Rev. A},
  volume = {59},
  issue = {6},
  pages = {4756--4763},
  numpages = {0},
  year = {1999},
  month = {Jun},
  publisher = {American Physical Society},
  doi = {10.1103/PhysRevA.59.4756},
  url = {https://link.aps.org/doi/10.1103/PhysRevA.59.4756}
}

@article{PhysRevB.70.115304,
  title = {Dynamics of the excitations of a quantum dot in a microcavity},
  author = {Perea, J. I. and Porras, D. and Tejedor, C.},
  journal = {Phys. Rev. B},
  volume = {70},
  issue = {11},
  pages = {115304},
  numpages = {13},
  year = {2004},
  month = {Sep},
  publisher = {American Physical Society},
  doi = {10.1103/PhysRevB.70.115304},
  url = {https://link.aps.org/doi/10.1103/PhysRevB.70.115304}
}

@article{vlaming2014tunable,
  title={Tunable superradiance in porphyrin chains on insulating surfaces},
  author={Vlaming, SM and Eisfeld, A},
  journal={J. Phys. D: Appl. Phys.},
  volume={47},
  number={30},
  pages={305301},
  year={2014},
  publisher={IOP Publishing}
}

@article{PhysRevLett.122.177401,
  title = {Spin-Triplet-Mediated Up-Conversion and Crossover Behavior in Single-Molecule Electroluminescence},
  author = {Chen, Gong and Luo, Yang and Gao, Hongying and Jiang, Jun and Yu, Yunjie and Zhang, Li and Zhang, Yang and Li, Xiaoguang and Zhang, Zhenyu and Dong, Zhenchao},
  journal = {Phys. Rev. Lett.},
  volume = {122},
  issue = {17},
  pages = {177401},
  numpages = {7},
  year = {2019},
  month = {May},
  publisher = {American Physical Society},
  doi = {10.1103/PhysRevLett.122.177401},
  url = {https://link.aps.org/doi/10.1103/PhysRevLett.122.177401}
}


@article{jiang2015distinguishing,
  title={Distinguishing adjacent molecules on a surface using plasmon-enhanced Raman scattering},
  author={Jiang, Song and Zhang, Yao and Zhang, Rui and Hu, Chunrui and Liao, Menghan and Luo, Yi and Yang, Jinlong and Dong, Zhenchao and Hou, JG},
  journal={Nature nanotechnology},
  volume={10},
  number={10},
  pages={865--869},
  year={2015},
  publisher={Nature Publishing Group}
}

@article{PhysRevLett.109.186601,
  title = {Light Emission Probing Quantum Shot Noise and Charge Fluctuations at a Biased Molecular Junction},
  author = {Schneider, N. L. and L\"u, Jing-Tao. and Brandbyge, M. and Berndt, R.},
  journal = {Phys. Rev. Lett.},
  volume = {109},
  issue = {18},
  pages = {186601},
  numpages = {5},
  year = {2012},
  month = {Oct},
  publisher = {American Physical Society},
  doi = {10.1103/PhysRevLett.109.186601},
  url = {https://link.aps.org/doi/10.1103/PhysRevLett.109.186601}
}

@article{PhysRevLett.107.046801,
  title = {Laserlike Vibrational Instability in Rectifying Molecular Conductors},
  author = {L\"u, Jing-Tao and Hedeg\aa{}rd, Per and Brandbyge, Mads},
  journal = {Phys. Rev. Lett.},
  volume = {107},
  issue = {4},
  pages = {046801},
  numpages = {4},
  year = {2011},
  month = {Jul},
  publisher = {American Physical Society},
  doi = {10.1103/PhysRevLett.107.046801},
  url = {https://link.aps.org/doi/10.1103/PhysRevLett.107.046801}
}

@article{PhysRevLett.114.096801,
  title = {Current-Induced Forces and Hot Spots in Biased Nanojunctions},
  author = {L\"u, Jing-Tao and Christensen, Rasmus B. and Wang, Jian-Sheng and Hedeg\aa{}rd, Per and Brandbyge, Mads},
  journal = {Phys. Rev. Lett.},
  volume = {114},
  issue = {9},
  pages = {096801},
  numpages = {5},
  year = {2015},
  month = {Mar},
  publisher = {American Physical Society},
  doi = {10.1103/PhysRevLett.114.096801},
  url = {https://link.aps.org/doi/10.1103/PhysRevLett.114.096801}
}

@article{PhysRevB.93.205404,
  title = {Electron and phonon drag in thermoelectric transport through coherent molecular conductors},
  author = {L\"u, Jing-Tao and Wang, Jian-Sheng and Hedeg\aa{}rd, Per and Brandbyge, Mads},
  journal = {Phys. Rev. B},
  volume = {93},
  issue = {20},
  pages = {205404},
  numpages = {11},
  year = {2016},
  month = {May},
  publisher = {American Physical Society},
  doi = {10.1103/PhysRevB.93.205404},
  url = {https://link.aps.org/doi/10.1103/PhysRevB.93.205404}
}

@book{carmichael2013statistical,
  title={Statistical methods in quantum optics 1: master equations and Fokker-Planck equations},
  author={Carmichael, Howard J},
  year={2013},
  publisher={Springer Science \&amp; Business Media}
}

@book{scully1997quantum,
  title={Quantum optics},
  author={Scully, Marlan O and Zubairy, M Suhail},
  year={1997},
  publisher={Cambridge University Press, Cambridge, England}
}

@book{breuer2002theory,
  title={The theory of open quantum systems},
  author={Breuer, Heinz-Peter and Petruccione, Francesco and others},
  year={2002},
  publisher={Oxford University Press on Demand}
}

@misc{hu2020nonequilibrium,
    title={Nonequilibrium reservoir engineering of a biased coherent conductor for hybrid energy transport in nanojunctions},
    author={Bing-Zhong Hu and Lei-Lei Nian and Jing-Tao Lü},
    year={2020},
    eprint={2003.10666},
    archivePrefix={arXiv},
    primaryClass={cond-mat.mes-hall}
}
